<?xml version="1.0" encoding="UTF-8"?><collection xmlns="http://www.loc.gov/MARC21/slim"><record><leader>00401nam--2200133-i-4500</leader><controlfield tag="001">000019470</controlfield><controlfield tag="002">20161230</controlfield><controlfield tag="005">20161230201033</controlfield><controlfield tag="008">060222s1000------------r-----000-0-eng-d</controlfield><datafield ind1=" " ind2=" " tag="080"><subfield code="a">547.754:613.83</subfield></datafield><datafield ind1=" " ind2=" " tag="100"><subfield code="a">Falkenberg, Goran</subfield></datafield><datafield ind1=" " ind2=" " tag="245"><subfield code="a">The molecular structure of some pshychoactive indolealkylamines and related substances</subfield></datafield><datafield ind1=" " ind2=" " tag="260"><subfield code="a">Stockholm, Karolinska Institutet, 1972.  60 P</subfield></datafield><datafield ind1=" " ind2=" " tag="852"><subfield code="a">38993</subfield></datafield></record></collection>